% Encoding: UTF-8

@Article{NgLee2003,
  author    = {Jessamine Ng Lee and Cheolmin Park and George M. Whitesides},
  title     = {Solvent Compatibility of Poly(dimethylsiloxane)-Based Microfluidic Devices},
  journal   = {Analytical Chemistry},
  year      = {2003},
  volume    = {75},
  number    = {23},
  pages     = {6544-6554},
  month     = {December 1},
  publisher = {Springer},
}

@Article{cqpcritic2011,
  author  = {P. Marmottant and A. Bouakaz and N. De Jong and C. Quilliet},
  title   = {Buckling resistance of solid shell bubbles with ultrasound},
  journal = {Journal of Acoustical Society of America},
  year    = {2011},
  volume  = {129},
  pages   = {1231-1239},
}

@Comment{jabref-meta: databaseType:bibtex;}
